<record><leader>00000cas a22000007a 4500</leader><controlfield tag="001">20802170</controlfield><controlfield tag="008">891219d193619uupr sr ne      0    0spa d</controlfield><datafield ind1=" " ind2=" " tag="010"><subfield code="a">sn 89078428 </subfield></datafield><datafield ind1=" " ind2=" " tag="040"><subfield code="a">PNN</subfield><subfield code="b">eng</subfield><subfield code="c">PNN</subfield><subfield code="d">OCLCQ</subfield></datafield><datafield ind1=" " ind2=" " tag="042"><subfield code="a">msc</subfield></datafield><datafield ind1="0" ind2=" " tag="130"><subfield code="a">Clari&#769;n (Humacao, P.R. : 1936)</subfield></datafield><datafield ind1="1" ind2="3" tag="245"><subfield code="a">El clari&#769;n.</subfield></datafield><datafield ind1=" " ind2=" " tag="260"><subfield code="a">Humacao, Pto. Rico :</subfield><subfield code="b">El Clari&#769;n</subfield></datafield><datafield ind1=" " ind2=" " tag="300"><subfield code="a">v.</subfield></datafield><datafield ind1=" " ind2=" " tag="310"><subfield code="a">Semimonthly,</subfield><subfield code="b">&lt;Jan. 16, 1937&gt;-</subfield></datafield><datafield ind1=" " ind2=" " tag="321"><subfield code="a">Weekly,</subfield><subfield code="b">July 11-Aug. 22, 1936</subfield></datafield><datafield ind1="0" ind2=" " tag="362"><subfield code="a">An&#771;o 1, no. 1 (11 de jul. de 1936)-</subfield></datafield><datafield ind1=" " ind2=" " tag="500"><subfield code="a">"Semanario independiente."</subfield></datafield><datafield ind1=" " ind2=" " tag="752"><subfield code="a">United States</subfield><subfield code="b">Puerto Rico</subfield><subfield code="d">Humacao.</subfield></datafield></record>